@book{deriso1999,
  title={Quantitative fish dynamics. Biological resource management series},
  author={Deriso, Richard B},
  year={1999},
  publisher={Oxford University Press, USA}
}

  @Manual{R,
    title = {R: A Language and Environment for Statistical Computing},
    author = {{R Development Core Team}},
    organization = {R Foundation for Statistical Computing},
    address = {Vienna, Austria},
    year = {2008}
  }
  
  @article{Reed1974,
  title = "A stochastic model for the economic management of a renewable animal resource ",
  journal = "Mathematical Biosciences ",
  volume = "22",
  number = "0",
  pages = "313 - 337",
  year = "1974",
  author = "William J. Reed"
  }
  
  @article{Reed1979,
  title = "Optimal escapement levels in stochastic and deterministic harvesting models ",
  journal = "Journal of Environmental Economics and Management ",
  volume = "6",
  number = "4",
  pages = "350 - 363",
  year = "1979",
  author = "Reed, William J" 
  }

  
  @book{Clark2010,
    title={Mathematical Bioeconomics: The Mathematics of Conservation},
    author={Clark, C.W.},
    series={Pure and Applied Mathematics: A Wiley Series of Texts, Monographs and Tracts},
    year={2010},
    publisher={John Wiley \& Sons}
  }

  @article{Clark1973,
    title={Beverton-Holt model of a commercial fishery: optimal dynamics},
    author={Clark, Colin and Edwards, Gordon and Friedlaender, Michael},
    journal={Journal of the Fisheries Board of Canada},
    volume={30},
    number={11},
    pages={1629--1640},
    year={1973}
  }
    
@article{may1976,
  title={Simple mathematical models with very complicated dynamics},
  author={May, Robert M},
  journal={Nature},
  volume={261},
  number={5560},
  pages={459--467},
  year={1976},
  publisher={London}
}

@article{pella1969,
	title={A generalized stock production model},
	author={Pella, Jerome J and Tomlinson, Patrick K},
	journal={Inter-American Tropical Tuna Commission Bulletin},
	volume={13},
	number={3},
	pages={416--497},
	year={1969}
}
   
